<record><leader>00000cas a22000007a 4500</leader><controlfield tag="001">14980888</controlfield><controlfield tag="008">861216d192u1949txudn ne      0    0eng d</controlfield><datafield ind1=" " ind2=" " tag="010"><subfield code="a">sn 86090443 </subfield></datafield><datafield ind1=" " ind2=" " tag="040"><subfield code="a">PPM</subfield><subfield code="b">eng</subfield><subfield code="c">PPM</subfield><subfield code="d">NSD</subfield><subfield code="d">PPM</subfield><subfield code="d">DLC</subfield><subfield code="d">OCLCQ</subfield></datafield><datafield ind1=" " ind2=" " tag="042"><subfield code="a">msc</subfield></datafield><datafield ind1="0" ind2=" " tag="130"><subfield code="a">Palestine press (Palestine, Tex.)</subfield></datafield><datafield ind1="1" ind2="4" tag="245"><subfield code="a">The Palestine press.</subfield></datafield><datafield ind1="1" ind2="3" tag="246"><subfield code="a">Sunday herald-press</subfield></datafield><datafield ind1=" " ind2=" " tag="260"><subfield code="a">Palestine, Tex. :</subfield><subfield code="b">Chas. C. Woodson and J.S. McBeath</subfield></datafield><datafield ind1=" " ind2=" " tag="300"><subfield code="a">v. :</subfield><subfield code="b">ill. ;</subfield><subfield code="c">54 cm.</subfield></datafield><datafield ind1=" " ind2=" " tag="310"><subfield code="a">Daily (except Mon.)</subfield></datafield><datafield ind1=" " ind2=" " tag="500"><subfield code="a">Continues numbering of: Palestine daily visitor.</subfield></datafield><datafield ind1=" " ind2=" " tag="500"><subfield code="a">Sunday edition called: Sunday herald-press, beginning March 3, 1935.</subfield></datafield><datafield ind1=" " ind2=" " tag="500"><subfield code="a">On Friday duplicates issued as Palestine press, and: Palestine advocate.</subfield></datafield><datafield ind1=" " ind2=" " tag="588"><subfield code="a">Description based on: Vol. 28, no. 15 (Sept. 1, 1926).</subfield></datafield><datafield ind1=" " ind2=" " tag="752"><subfield code="a">United States</subfield><subfield code="b">Texas</subfield><subfield code="c">Anderson</subfield><subfield code="d">Palestine.</subfield></datafield><datafield ind1="0" ind2="0" tag="780"><subfield code="t">Palestine daily visitor</subfield><subfield code="w">(DLC)sn 86089892</subfield></datafield><datafield ind1="0" ind2="5" tag="780"><subfield code="t">Palestine advocate</subfield><subfield code="w">(DLC)sn 84022080</subfield></datafield><datafield ind1="0" ind2="7" tag="785"><subfield code="t">Palestine daily herald</subfield><subfield code="x">1946-6021</subfield><subfield code="w">(DLC)sn 86090383</subfield><subfield code="w">(OCoLC)14980946</subfield></datafield><datafield ind1="0" ind2="7" tag="785"><subfield code="t">Palestine herald-press</subfield><subfield code="x">1053-5748</subfield><subfield code="w">(DLC)sn 86090382</subfield></datafield></record>